@misc{capstorm2023,
  author = {{CapStorm}},
  title = {Your go-to guide for conducting a {Salesforce} data audit},
  year = {2023},
  month = {June 26},
  url = {https://www.capstorm.com/blog/conducting-a-salesforce-audit/}
}

@misc{checkmarx2025,
  author = {{Checkmarx}},
  title = {Salesforce code scanning best practices},
  year = {2025},
  url = {https://www.checkmarx.com}
}

@misc{foundhq2025,
  author = {{FoundHQ}},
  title = {Conducting a {Salesforce} audit (2024 updates)},
  year = {2025},
  month = {January 16},
  url = {https://www.foundhq.com/blog/conducting-a-salesforce-audit}
}

@misc{nist2024,
  author = {{National Institute of Standards and Technology}},
  title = {Computer security incident handling guide ({SP} 800-61)},
  year = {2024},
  url = {https://nvlpubs.nist.gov}
}

@misc{onilab2024,
  author = {{Onilab}},
  title = {Salesforce audit: A complete guide},
  year = {2024},
  month = {February 28},
  url = {https://onilab.com/blog/salesforce-audit-guide}
}

@misc{owasp2025,
  author = {{OWASP}},
  title = {{OWASP ZAP} user guide},
  year = {2025},
  url = {https://www.zaproxy.org/docs/}
}

@misc{reliaquest2025,
  author = {{ReliaQuest}},
  title = {Cybercriminal campaign targeting {Salesforce} portals},
  year = {2025},
  month = {April 25},
  note = {Retrieved from X posts},
  url = {https://reliaquest.com/resources/research-reports/annual-threat-report-2025/}
}

@misc{salesforce2025,
  author = {{Salesforce}},
  title = {Security {Health Check} documentation},
  year = {2025},
  url = {https://help.salesforce.com}
}

@misc{sentinelone2024,
  author = {{SentinelOne}},
  title = {10 security audit tools for 2025},
  year = {2024},
  month = {December 16},
  url = {https://www.sentinelone.com}
}

@misc{sonar2025,
  author = {{Sonar Software}},
  title = {How to audit {Salesforce} access: Ensuring compliance and security},
  year = {2025},
  month = {February 20},
  url = {https://sonarsoftware.com}
}
